@article{articleTemplate,
  author  = "Template, Author1 and Template Author2",
  title   = "Template title",
  journal = "Template Journal",
  year    = 2018,
}

@misc{miscTemplate,
	author = "Template author",
	title = "Template Title",
	url = {TemplateUrl},
	note = {visited on year-month-day}
}

@misc{displayport,
	author = "Craig Wiley",
	title = "Multiple Displays from a single Displayport Output",
	url = {https://www.displayport.org/cables/driving-multiple-displays-from-a-single-displayport-output/},
	note = {visited on 2018-09-12}
}

@article{woods2016pilot,
  title={Pilot study using the augmented reality sandbox to teach topographic maps and surficial processes in introductory geology labs},
  author={Woods, Terri L and Reed, Sarah and Hsi, Sherry and Woods, John A and Woods, Michael R},
  journal={Journal of Geoscience Education},
  volume={64},
  number={3},
  pages={199--214},
  year={2016},
  publisher={Taylor \& Francis}
}

@misc{dualshock4,
	author = "Sony Interactive Entertainment",
	title = "DualShock4 Technical Specifications",
	url = {https://www.playstation.com/da-dk/explore/ps4/tech-specs/},
	note = {visited on 2018-09-11}
}

@misc{transcendingBoundries,
	author = "teamLab",
	title = "Transcending Boundries Exhibition",
	url = {https://www.teamlab.art/w/waterparticles-transcending},
	note = {Visited on 2018-09-10}
}

@misc{leapMotion,
    author = "Wikipedia",
    title = "Leap Motion Wiki",
    url = {https://en.wikipedia.org/wiki/Leap_Motion},
    note = {visited on 2018-September-11}
}

@misc{leapMotionProjectionMapping,
	author = "Pixelasm",
	title = "INTERACTIVE PROJECTION MAPPING PROTOTYPE",
	url = {http://pixelasm.com/portfolio/interactive-projection-mapping-prototype/},
	note = {visited on 2018-September-10}
}

@misc{leapMotionHolodeck,
	author = "Leap Motion",
	title = "Immersive “Holodeck” Classroom with Leap Motion Control",
	url = {http://blog.leapmotion.com/immersive-holodeck-classroom-with-leap-motion-control/},
	note = {visited on 2018-September-10}
}

@misc{WiimoteWIKI,
	author = "Wikipedia",
	title = "Wii Remote",
	url = {https://en.wikipedia.org/wiki/Wii_Remote},
	note = {visited on 2018-September-11}
}

@misc{WiimoteSpecs,
	author = "cnet.com",
	title = "Nintendo Wii Remote Specs",
	url = {https://www.cnet.com/products/nintendo-wii-remote/specs/},
	note = {visited on 2018-September-11}
}

@misc{JohnnyLeeWiiMoteDemo,
	author = "TED",
	title = "TedTalk- Wii remote hacks | Johnny Lee",
	url = {https://www.youtube.com/watch?time_continue=267&v=QgKCrGvShZs},
	note = {visited on 2018-September-11}
}

@misc{JohnnyLeeWiiMProgram,
	author = "Modernstyle",
	title = "Low-Cost Multi-point Interactive Whiteboards Using the Wiimote",
	url = {https://www.wiimoteproject.com/wiimote-whiteboard/low-cost-multi-point-interactive-whiteboards-using-the-wiimote/},
	note = {visited on 2018-September-11}
}

@misc{KinectWiki,
	author = "Wikipedia",
	title = "Kinect",
	url = {https://en.wikipedia.org/wiki/Kinect},
	note = {visited on 2018-September-12}
}

@misc{MR_MIT,
	author = "Singularityhub -Aaron Saenz",
	title = "MIT Uses XBox Kinect to Create Minority Report Interface",
	url = {https://singularityhub.com/2010/12/10/mit-uses-xbox-kinect-to-create-cheap-minority-report-interface-video/#sm.000q65lrw10wpetms252h95sdqlvn},
	note = {visited on 2018-September-12}
}

@misc{LANscapes,
	author = "Jack Kalish",
	title = "HOW TO MAKE A LANSCAPE",
	url = {https://www.instructables.com/id/How-to-make-a-LANscape/},
	note = {visited on 2018-September-12}
}




@inproceedings{gamification,
  title={From game design elements to gamefulness: defining gamification},
  author={Deterding, Sebastian and Dixon, Dan and Khaled, Rilla and Nacke, Lennart},
  booktitle={Proceedings of the 15th international academic MindTrek conference: Envisioning future media environments},
  pages={9--15},
  year={2011},
  organization={ACM}
}

@book{gamificationMyths,
  title={The gamification of learning and instruction: game-based methods and strategies for training and education},
  author={Kapp, Karl M},
  year={2012},
  publisher={John Wiley \& Sons}
}

@book{interactionDesign,
	title = {Interaction design : Beyond human-computer interaction (4.th ed.).},
	author = {Preece J. Sharp Helen, Rogers Yvonne.},
	year = {2015},
	publisher = {Hoboken NJ: John Wiley \& Sons.}
}
@book{bjoernerBog,
	title={Qualitative Methods for Consumer Research: The Value of the Qualitative Approach in Theory and Practice},
	author={Bj{\o}rner, T.},
	isbn={9788741258539},
	url={https://books.google.dk/books?id=xAjtrQEACAAJ},
	year={2015},
	publisher={Gyldendal Akademisk}

}

@book{susScale,
	author={Lewis, James R. and Sauro, Jeff},
	editor={Kurosu, Masaaki},
	title={The Factor Structure of the System Usability Scale},
	booktitle={Human Centered Design},
	year={2009},
	publisher={Springer Berlin Heidelberg},
	address={Berlin, Heidelberg},
	pages={94--103},
	isbn={978-3-642-02806-9},
	url={https://link.springer.com/chapter/10.1007/978-3-642-02806-9_12},
}

@misc{reactionWords,
	ALTauthor = { Kate Meyer , Nielsen Norman Group},
	ALTeditor = {Kate Meyer},
	title = {Microsoft Desirability Toolkit Product Reaction Words},
	note={visited on 2018-05-23},
	url = {https://www.nngroup.com/articles/desirability-reaction-words/},	
}
@article{reactionCards,
	title={Measuring Desirability: New methods for evaluating desirability in a usability lab setting},
	author={Benedek, Joey and Miner, Trish},
	journal={Proceedings of Usability Professionals Association},
	volume={2003},
	number={8-12},
	pages={57},
	year={2002}
}
@misc{gestalt,
	author = {Spokane Falls Community College},
	title = {The Gestalt Principles},
	note={visited on 2018-05-23},
	url = {http://graphicdesign.spokanefalls.edu/tutorials/process/gestaltprinciples/gestaltprinc.htm},
}

@article{susScore,
	author = {Bangor, Aaron and Kortum, Philip and Miller, James},
	title = {Determining What Individual SUS Scores Mean: Adding an Adjective Rating Scale},
	journal = {J. Usability Studies},
	issue_date = {May 2009},
	volume = {4},
	number = {3},
	month = may,
	year = {2009},
	issn = {1931-3357},
	pages = {114--123},
	numpages = {10},
	url = {http://dl.acm.org/citation.cfm?id=2835587.2835589},
	acmid = {2835589},
	publisher = {Usability Professionals' Association},
	address = {Bloomingdale, IL},
	keywords = {SUS, surveys, system usability scale, usability, user satisfaction},
} 

@book{DAEBook,
	author = {Andy, Field and Graham, Hole},
	title = {How to Design and Report Experiments},
	date = {2003},
}

@article{unbalancedLikert,
 ISSN = {00222437},
 URL = {http://www.jstor.org/stable/1558620},
 author = {Hans, Baumgartner and Jan-Benedict, E, M, Steenkamp},
 journal = {Journal of Marketing Research},
 number = {2},
 pages = {143--156},
 publisher = {American Marketing Association},
 title = {Response Styles in Marketing Research: A Cross-National Investigation},
 volume = {38},
 year = {2001}
}
@article{likertScale,
  title={Likert items and scales},
  author={Johns, Rob},
  journal={Survey Question Bank: Methods Fact Sheet},
  volume={1},
  pages={1--11},
  year={2010}
}

@arcticle{likertItems,
    URL = {https://scholarworks.iupui.edu/bitstream/handle/1805/344/gliem+\&+gliem.pdf?sequence=1},
    author = {Joseph, A, Gliem and Rosemary, R, Gliem},
    title = {Calculating, Interpreting, and Reporting Cronbach’s Alpha Reliability Coefficient for Likert-Type Scales},
    year = {2003}
}